<record><leader>00000cas a22000007a 4500</leader><controlfield tag="001">9796778</controlfield><controlfield tag="008">830810d18411874mauwr ne      0    0eng d</controlfield><controlfield tag="009">3768</controlfield><datafield ind1=" " ind2=" " tag="010"><subfield code="a">sn 83021102 </subfield></datafield><datafield ind1=" " ind2=" " tag="040"><subfield code="a">NPX</subfield><subfield code="b">eng</subfield><subfield code="c">NPX</subfield><subfield code="d">NPU</subfield><subfield code="d">NPH</subfield><subfield code="d">MGN</subfield><subfield code="d">CNW</subfield><subfield code="d">OCL</subfield><subfield code="d">OCLCQ</subfield><subfield code="d">OCLCF</subfield><subfield code="d">OCLCO</subfield></datafield><datafield ind1=" " ind2=" " tag="042"><subfield code="a">msc</subfield></datafield><datafield ind1=" " ind2=" " tag="043"><subfield code="a">n-us-ma</subfield></datafield><datafield ind1="0" ind2="0" tag="245"><subfield code="a">Westfield newsletter.</subfield></datafield><datafield ind1="0" ind2="0" tag="246"><subfield code="a">Westfield news letter</subfield></datafield><datafield ind1=" " ind2=" " tag="260"><subfield code="a">Westfield, Mass. :</subfield><subfield code="b">Elijah Porter,</subfield></datafield><datafield ind1=" " ind2=" " tag="300"><subfield code="a">v. ;</subfield><subfield code="c">60-70 cm.</subfield></datafield><datafield ind1=" " ind2=" " tag="310"><subfield code="a">Weekly</subfield></datafield><datafield ind1="0" ind2=" " tag="362"><subfield code="a">Vol. 1, no. 25 (Aug. 18, 1841)-</subfield></datafield><datafield ind1="1" ind2=" " tag="362"><subfield code="a">Ceased in July 1874.</subfield></datafield><datafield ind1=" " ind2=" " tag="500"><subfield code="a">Title varies slightly.</subfield></datafield><datafield ind1=" " ind2=" " tag="500"><subfield code="a">Editor: E. Porter, 1841-1846; S.H. Davis, 1847-1848; E. Porter, 1849-1851; Sherman Adams, 1871-1874.</subfield></datafield><datafield ind1=" " ind2=" " tag="515"><subfield code="a">Vol. 2, no. 3 (Mar. 18, 1842)-v. 33, no. 53 (Feb. 13, 1874) called also whole no. 55-1717.</subfield></datafield><datafield ind1=" " ind2=" " tag="500"><subfield code="a">Publishers: E. Porter, 1841-1846; E. Porter &amp; S. Davis, 1847-1848; E. Porter &amp; P.L. Buell, Sept. 1851-Aug. 1852; Porter, Buell &amp; Co., Aug. 1852-1854; Porter &amp; Buell, 1854-1855; P.L. Buell &amp; H.N. Carter, 1855-1856; P.L. Buell, 1856-1871; S. Adams, 1871-1874.</subfield></datafield><datafield ind1=" " ind2=" " tag="500"><subfield code="a">Printer: Elijah Porter, 1841-1846.</subfield></datafield><datafield ind1=" " ind2=" " tag="500"><subfield code="a">"Whig."</subfield></datafield><datafield ind1=" " ind2="0" tag="651"><subfield code="a">Westfield (Mass.)</subfield><subfield code="v">Newspapers.</subfield></datafield><datafield ind1=" " ind2="7" tag="655"><subfield code="a">Newspapers.</subfield><subfield code="2">fast</subfield><subfield code="0">(OCoLC)fst01423814</subfield></datafield><datafield ind1=" " ind2="7" tag="651"><subfield code="a">Massachusetts</subfield><subfield code="z">Westfield.</subfield><subfield code="2">fast</subfield><subfield code="0">(OCoLC)fst01212415</subfield></datafield><datafield ind1=" " ind2=" " tag="752"><subfield code="a">United States</subfield><subfield code="b">Massachusetts</subfield><subfield code="c">Hampden</subfield><subfield code="d">Westfield.</subfield></datafield><datafield ind1="0" ind2="0" tag="780"><subfield code="t">Westfield newsletter. and farmers' and mechanics' journal</subfield><subfield code="w">(DLC)sn 89063447</subfield></datafield><datafield ind1="0" ind2="7" tag="785"><subfield code="t">Western Hampden times</subfield><subfield code="w">(DLC)sn 83021103</subfield></datafield><datafield ind1="0" ind2="7" tag="785"><subfield code="t">Western Hampden times and Westfield newsletter</subfield><subfield code="w">(DLC)sn 83021104</subfield></datafield><datafield ind1=" " ind2=" " tag="936"><subfield code="a">1873 Oct. 10</subfield></datafield></record>